{
  "leader": "01686cam a2200409Ii 4500",
  "fields": [
    {
      "001": "ocn957166948"
    },
    {
      "003": "OCoLC"
    },
    {
      "005": "20221221173526.0"
    },
    {
      "008": "890719s1972\\\\\\\\nyua\\\\\\\\\\c\\\\\\\\010\\0beng\\d"
    },
    {
      "010": {
        "ind1": "\\",
        "ind2": "\\",
        "subfields": [
          {
            "a": "   70164877 "
          }
        ]
      }
    },
    {
      "040": {
        "ind1": "\\",
        "ind2": "\\",
        "subfields": [
          {
            "a": "MSR"
          },
          {
            "b": "eng"
          },
          {
            "c": "MSR"
          },
          {
            "d": "OCLCO"
          },
          {
            "d": "OCLCF"
          },
          {
            "d": "OCLCQ"
          },
          {
            "d": "CTL"
          },
          {
            "d": "UKNRU"
          },
          {
            "d": "OCL"
          },
          {
            "d": "OCLCO"
          }
        ]
      }
    },
    {
      "020": {
        "ind1": "\\",
        "ind2": "\\",
        "subfields": [
          {
            "a": "0870705377"
          }
        ]
      }
    },
    {
      "020": {
        "ind1": "\\",
        "ind2": "\\",
        "subfields": [
          {
            "a": "9780870705373"
          }
        ]
      }
    },
    {
      "020": {
        "ind1": "\\",
        "ind2": "\\",
        "subfields": [
          {
            "a": "0870705385"
          },
          {
            "q": "(pbk.)"
          }
        ]
      }
    },
    {
      "020": {
        "ind1": "\\",
        "ind2": "\\",
        "subfields": [
          {
            "a": "9780870705380"
          },
          {
            "q": "(pbk.)"
          }
        ]
      }
    },
    {
      "035": {
        "ind1": "\\",
        "ind2": "\\",
        "subfields": [
          {
            "a": "(OCoLC)957166948"
          }
        ]
      }
    },
    {
      "050": {
        "ind1": "1",
        "ind2": "4",
        "subfields": [
          {
            "a": "N7113.P52"
          },
          {
            "b": "A4 1972"
          }
        ]
      }
    },
    {
      "082": {
        "ind1": "0",
        "ind2": "4",
        "subfields": [
          {
            "a": "759.6"
          },
          {
            "b": "RUB"
          }
        ]
      }
    },
    {
      "100": {
        "ind1": "1",
        "ind2": "\\",
        "subfields": [
          {
            "a": "Rubin, William Stanley."
          }
        ]
      }
    },
    {
      "245": {
        "ind1": "1",
        "ind2": "0",
        "subfields": [
          {
            "a": "Picasso in the collection of the Museum of Modern Art :"
          },
          {
            "b": "including remainder-interest and promised gifts /"
          },
          {
            "c": "William Rubin; with additional texts by Elaine L. Johnson and Riva Castleman."
          }
        ]
      }
    },
    {
      "260": {
        "ind1": "\\",
        "ind2": "\\",
        "subfields": [
          {
            "a": "New York :"
          },
          {
            "b": "Museum of Modern Art ;"
          },
          {
            "a": "Greenwich, Conn. :"
          },
          {
            "b": "Distributed by New York Graphic Society,"
          },
          {
            "c": "\u00a91972."
          }
        ]
      }
    },
    {
      "300": {
        "ind1": "\\",
        "ind2": "\\",
        "subfields": [
          {
            "a": "246 pages :"
          },
          {
            "b": "illustrations (some color) ;"
          },
          {
            "c": "25 cm"
          }
        ]
      }
    },
    {
      "336": {
        "ind1": "\\",
        "ind2": "\\",
        "subfields": [
          {
            "a": "text"
          },
          {
            "b": "txt"
          },
          {
            "2": "rdacontent"
          }
        ]
      }
    },
    {
      "337": {
        "ind1": "\\",
        "ind2": "\\",
        "subfields": [
          {
            "a": "unmediated"
          },
          {
            "b": "n"
          },
          {
            "2": "rdamedia"
          }
        ]
      }
    },
    {
      "338": {
        "ind1": "\\",
        "ind2": "\\",
        "subfields": [
          {
            "a": "volume"
          },
          {
            "b": "nc"
          },
          {
            "2": "rdacarrier"
          }
        ]
      }
    },
    {
      "500": {
        "ind1": "\\",
        "ind2": "\\",
        "subfields": [
          {
            "a": "Issued in honor of Picasso's 90th birthday."
          }
        ]
      }
    },
    {
      "600": {
        "ind1": "1",
        "ind2": "0",
        "subfields": [
          {
            "a": "Picasso, Pablo,"
          },
          {
            "d": "1881-1973."
          }
        ]
      }
    },
    {
      "610": {
        "ind1": "2",
        "ind2": "0",
        "subfields": [
          {
            "a": "Museum of Modern Art (New York, N.Y.)"
          },
          {
            "v": "Catalogs."
          }
        ]
      }
    },
    {
      "600": {
        "ind1": "1",
        "ind2": "7",
        "subfields": [
          {
            "a": "Picasso, Pablo,"
          },
          {
            "d": "1881-1973."
          },
          {
            "2": "fast"
          },
          {
            "0": "(OCoLC)fst00028123"
          }
        ]
      }
    },
    {
      "610": {
        "ind1": "2",
        "ind2": "7",
        "subfields": [
          {
            "a": "Museum of Modern Art (New York, N.Y.)"
          },
          {
            "2": "fast"
          },
          {
            "0": "(OCoLC)fst00530348"
          }
        ]
      }
    },
    {
      "655": {
        "ind1": "\\",
        "ind2": "7",
        "subfields": [
          {
            "a": "Conference papers and proceedings."
          },
          {
            "2": "fast"
          },
          {
            "0": "(OCoLC)fst01423772"
          }
        ]
      }
    },
    {
      "655": {
        "ind1": "\\",
        "ind2": "7",
        "subfields": [
          {
            "a": "Catalogs."
          },
          {
            "2": "fast"
          },
          {
            "0": "(OCoLC)fst01423692"
          }
        ]
      }
    },
    {
      "700": {
        "ind1": "1",
        "ind2": "\\",
        "subfields": [
          {
            "a": "Picasso, Pablo,"
          },
          {
            "d": "1881-1973."
          }
        ]
      }
    },
    {
      "710": {
        "ind1": "2",
        "ind2": "\\",
        "subfields": [
          {
            "a": "Museum of Modern Art (New York, N.Y.)"
          }
        ]
      }
    },
    {
      "994": {
        "ind1": "\\",
        "ind2": "\\",
        "subfields": [
          {
            "a": "Z0"
          },
          {
            "b": "NYRVC"
          }
        ]
      }
    },
    {
      "948": {
        "ind1": "\\",
        "ind2": "\\",
        "subfields": [
          {
            "h": "NO HOLDINGS IN NYRVC - 21 OTHER HOLDINGS"
          }
        ]
      }
    },
    {
      "999": {
        "ind1": "\\",
        "ind2": "\\",
        "subfields": [
          {
            "a": "00000000010436"
          }
        ]
      }
    }
  ]
}